@misc{rust,
  author       = {{The Rust Team}},
  title        = {{Rust, A language empowering everyone to build reliable and efficient software}},
  year         = {2021},
  howpublished = {\url{https://www.rust-lang.org/}},
  note         = {[Online; accessed 23-November-2021]}
}

@misc{nrf52840-dk,
  author       = {Nordic Semiconductor},
  title        = {nRF52840 DK},
  year         = {2021},
  howpublished = {\url{https://www.nordicsemi.com/Products/Development-hardware/nrf52840-dk}},
  note         = {[Online; accessed 23-November-2021]}
}

@misc{nrf52840,
  author       = {Nordic Semiconductor},
  howpublished = {\url{https://infocenter.nordicsemi.com/pdf/nRF52840_PS_v1.2.pdf}},
  title        = {nRF52840 Product Specification v1.2},
  year         = {2021},
  month        = {01},
  day          = {15},
  note         = {[Online; accessed 03-February-2022]}
}

@misc{matlab,
  author       = {{The MathWorks, Inc.}},
  title        = {Matlab, Math. Graphics. Programming.},
  year         = {2021},
  howpublished = {\url{https://nl.mathworks.com/products/matlab.html}},
  note         = {[Online; accessed 23-November-2021]}
}

@article{6327613,
  author  = {He, Hongsen and Wu, Lifu and Lu, Jing and Qiu, Xiaojun and Chen, Jingdong},
  journal = {IEEE Transactions on Audio, Speech, and Language Processing},
  title   = {Time Difference of Arrival Estimation Exploiting Multichannel Spatio-Temporal Prediction},
  year    = {2013},
  volume  = {21},
  number  = {3},
  pages   = {463-475},
  doi     = {10.1109/TASL.2012.2223674}
}

@misc{uart,
  author       = {{Philips Semiconductors}},
  title        = {SCC2691 Universal asynchronous receiver/transmitter (UART); Product data sheet},
  year         = {1998},
  month        = {09},
  day          = {04},
  howpublished = {\url{https://www.nxp.com/docs/en/data-sheet/SCC2691.pdf#page=14}},
  note         = {[Online; accessed 23-November-2021]}
}

@misc{pca9685,
  author       = {{ NXP Semiconductors N.V.}},
  title        = {PCA9685 16-channel, 12-bit PWM Fm+ I2C-bus LED controller},
  year         = {2015},
  month        = {04},
  day          = {16},
  howpublished = {\url{https://www.nxp.com/docs/en/data-sheet/PCA9685.pdf}},
  note         = {[Online; accessed 21-Decenber-2021]}
}

@book{usb,
  title     = {USB Explained},
  author    = {Steven McDowell, Martin D. Seyer},
  year      = 1998,
  publisher = {Pearson},
  address   = {New York}
}

@book{fourier_analysis,
  title     = {Fourier Analysis},
  author    = {James S. Walker},
  year      = 1988,
  publisher = {Oxford University Press},
  address   = {New York}
}

@article{GULYAEV20161529,
  title    = {PWM Algorithms Synthesis},
  journal  = {Procedia Engineering},
  volume   = {165},
  pages    = {1529-1535},
  year     = {2016},
  note     = {15th International scientific conference “Underground Urbanisation as a Prerequisite for Sustainable Development” 12-15 September 2016, St. Petersburg, Russia},
  issn     = {1877-7058},
  doi      = {https://doi.org/10.1016/j.proeng.2016.11.889},
  url      = {https://www.sciencedirect.com/science/article/pii/S1877705816342503},
  author   = {Alexander Gulyaev and Dmitriy Fokin and Evgeniy Ten and Vladislav Vlasyevsky},
  keywords = {induction motor, inverter, PWM, power loss, harmonics, THDi, modulation losses, coefficient of performance (COP), frequency converter, duty cycle.}
}

@misc{peak_detection_so,
  title        = {Robust peak detection algorithm using z-scores},
  howpublished = {\url{https://stackoverflow.com/questions/22583391/peak-signal-detection-in-realtime-timeseries-data/}}
}

@misc{mosquito_fragment,
  title        = {Flying Mosquito.wav},
  author       = {Zywx},
  year         = 2013,
  month        = {05},
  day          = {19},
  howpublished = {\url{https://freesound.org/people/Zywx/sounds/188708/}},
  note         = {[Online; accessed 02-February-2022]}
}

@misc{xcorr,
  title        = {xcorr},
  howpublished = {\url{https://nl.mathworks.com/help/matlab/ref/xcorr.html}},
  author       = {{The MathWorks, Inc.}},
  year         = 2022,
  note         = {[Online; accessed 02-February-2022]}
}

@misc{defmt,
  title        = {Knurling tools},
  year         = 2020,
  author       = {Ferrous Systems},
  howpublished = {\url{https://knurling.ferrous-systems.com/tools/}},
  note         = {[Online; accessed 02-February-2022]}
}

@misc{rtic,
  howpublished = {\url{https://rtic.rs/0.5/book/en/}},
  title        = {Real-Time Interrupt-driven Concurrency},
  note         = {[Online; accessed 03-February-2022]}
}

@misc{repo,
  howpublished = {\url{https://github.com/hdoordt/5liu0-2021}},
  title        = {hdoordt /5liu0-2021},
  author       = {Henk Oordt}
}